@book{TG2C2,
  title = {Trabajo grupal 2},
  url = {https://drive.google.com/file/d/1xypkS_eN1yLbOB3XNhMtHd2h7gepefCw/edit},
  publisher = {Universidad Mayor de San Simón},
  author = {Martinez, Amilcar},
  year = {2024},
  month = sep 
}

@misc{geo,
  author       = {Grupo2, Rodriguez A. Fuentes S. Villca A.},
  title        = {Animación en GeoGebra},
  year         = {2024},
  url          = {https://www.geogebra.org/3d/edjgwbc6},
  urldate      = {2024-09-26}
}
